%% Bibliography

@misc{rfc1,
	title={{Host Software}},
	author={{Steve Crocker}},
	organization={{Internet Engineering Task Force}},
	howpublished={RFC1},
	url={http://tools.ietf.org/html/rfc1},
}

@book{wikibook-latex,
	title={{LaTeX - Wikibooks}},
	organization={Wikipedia},
	url={http://en.wikibooks.org/wiki/LaTeX},
}

@manual{wikipedia,
	title={{Wikipedia}},
	url={http://wikipedia.org/},
}
